@inproceedings{dietz2017trec,
  title={TREC Complex Answer Retrieval Overview.},
  author={Dietz, Laura and Verma, Manisha and Radlinski, Filip and Craswell, Nick},
  booktitle={TREC},
  year={2017}
}

@inproceedings{peters2018deep,
  title={Deep contextualized word representations},
  author={Peters, Matthew E and Neumann, Mark and Iyyer, Mohit and Gardner, Matt and Clark, Christopher and Lee, Kenton and Zettlemoyer, Luke},
  booktitle={Proceedings of NAACL-HLT},
  pages={2227--2237},
  year={2018}
}

@article{devlin2018bert,
  title={Bert: Pre-training of deep bidirectional transformers for language understanding},
  author={Devlin, Jacob and Chang, Ming-Wei and Lee, Kenton and Toutanova, Kristina},
  journal={arXiv preprint arXiv:1810.04805},
  year={2018}
}

@article{peters2018dissecting,
  title={Dissecting contextual word embeddings: Architecture and representation},
  author={Peters, Matthew E and Neumann, Mark and Zettlemoyer, Luke and Yih, Wen-tau},
  journal={arXiv preprint arXiv:1808.08949},
  year={2018}
}

@article{may2019measuring,
  title={On measuring social biases in sentence encoders},
  author={May, Chandler and Wang, Alex and Bordia, Shikha and Bowman, Samuel R and Rudinger, Rachel},
  journal={arXiv preprint arXiv:1903.10561},
  year={2019}
}

@article{qiao2019understanding,
  title={Understanding the Behaviors of BERT in Ranking},
  author={Qiao, Yifan and Xiong, Chenyan and Liu, Zhenghao and Liu, Zhiyuan},
  journal={arXiv preprint arXiv:1904.07531},
  year={2019}
}

@article{zhang2019bertscore,
  title={Bertscore: Evaluating text generation with bert},
  author={Zhang, Tianyi and Kishore, Varsha and Wu, Felix and Weinberger, Kilian Q and Artzi, Yoav},
  journal={arXiv preprint arXiv:1904.09675},
  year={2019}
}

@article{reimers2019sentence,
  title={Sentence-bert: Sentence embeddings using siamese bert-networks},
  author={Reimers, Nils and Gurevych, Iryna},
  journal={arXiv preprint arXiv:1908.10084},
  year={2019}
}

@inproceedings{mikolov2013distributed,
  title={Distributed representations of words and phrases and their compositionality},
  author={Mikolov, Tomas and Sutskever, Ilya and Chen, Kai and Corrado, Greg S and Dean, Jeff},
  booktitle={Advances in neural information processing systems},
  pages={3111--3119},
  year={2013}
}

@inproceedings{pennington2014glove,
  title={Glove: Global vectors for word representation},
  author={Pennington, Jeffrey and Socher, Richard and Manning, Christopher D},
  booktitle={Proceedings of the 2014 conference on empirical methods in natural language processing (EMNLP)},
  pages={1532--1543},
  year={2014}
}

@inproceedings{le2014distributed,
  title={Distributed representations of sentences and documents},
  author={Le, Quoc and Mikolov, Tomas},
  booktitle={International conference on machine learning},
  pages={1188--1196},
  year={2014}
}

@article{dai2015document,
  title={Document embedding with paragraph vectors},
  author={Dai, Andrew M and Olah, Christopher and Le, Quoc V},
  journal={arXiv preprint arXiv:1507.07998},
  year={2015}
}

@inproceedings{kiros2015skip,
  title={Skip-thought vectors},
  author={Kiros, Ryan and Zhu, Yukun and Salakhutdinov, Russ R and Zemel, Richard and Urtasun, Raquel and Torralba, Antonio and Fidler, Sanja},
  booktitle={Advances in neural information processing systems},
  pages={3294--3302},
  year={2015}
}

@article{hill2016learning,
  title={Learning distributed representations of sentences from unlabelled data},
  author={Hill, Felix and Cho, Kyunghyun and Korhonen, Anna},
  journal={arXiv preprint arXiv:1602.03483},
  year={2016}
}

@inproceedings{li2016generative,
  title={Generative topic embedding: a continuous representation of documents},
  author={Li, Shaohua and Chua, Tat-Seng and Zhu, Jun and Miao, Chunyan},
  booktitle={Proceedings of the 54th Annual Meeting of the Association for Computational Linguistics (Volume 1: Long Papers)},
  pages={666--675},
  year={2016}
}

@inproceedings{bernardini2009full,
  title={Full-subtopic retrieval with keyphrase-based search results clustering},
  author={Bernardini, Andrea and Carpineto, Claudio and D'Amico, Massimiliano},
  booktitle={2009 IEEE/WIC/ACM International Joint Conference on Web Intelligence and Intelligent Agent Technology},
  volume={1},
  pages={206--213},
  year={2009},
  organization={IEEE}
}

@article{carpineto2012evaluating,
  title={Evaluating subtopic retrieval methods: Clustering versus diversification of search results},
  author={Carpineto, Claudio and Dâ€™Amico, Massimiliano and Romano, Giovanni},
  journal={Information Processing \& Management},
  volume={48},
  number={2},
  pages={358--373},
  year={2012},
  publisher={Elsevier}
}

@inproceedings{dor2018learning,
  title={Learning thematic similarity metric from article sections using triplet networks},
  author={Dor, Liat Ein and Mass, Yosi and Halfon, Alon and Venezian, Elad and Shnayderman, Ilya and Aharonov, Ranit and Slonim, Noam},
  booktitle={Proceedings of the 56th Annual Meeting of the Association for Computational Linguistics (Volume 2: Short Papers)},
  pages={49--54},
  year={2018}
}

@article{hochreiter1997long,
  title={Long short-term memory},
  author={Hochreiter, Sepp and Schmidhuber, J{\"u}rgen},
  journal={Neural computation},
  volume={9},
  number={8},
  pages={1735--1780},
  year={1997},
  publisher={MIT Press}
}

@article{cho2014learning,
  title={Learning phrase representations using RNN encoder-decoder for statistical machine translation},
  author={Cho, Kyunghyun and Van Merri{\"e}nboer, Bart and Gulcehre, Caglar and Bahdanau, Dzmitry and Bougares, Fethi and Schwenk, Holger and Bengio, Yoshua},
  journal={arXiv preprint arXiv:1406.1078},
  year={2014}
}

@inproceedings{vaswani2017attention,
  title={Attention is all you need},
  author={Vaswani, Ashish and Shazeer, Noam and Parmar, Niki and Uszkoreit, Jakob and Jones, Llion and Gomez, Aidan N and Kaiser, {\L}ukasz and Polosukhin, Illia},
  booktitle={Advances in neural information processing systems},
  pages={5998--6008},
  year={2017}
}

@inproceedings{raganato2018analysis,
  title={An analysis of encoder representations in transformer-based machine translation},
  author={Raganato, Alessandro and Tiedemann, J{\"o}rg},
  booktitle={Proceedings of the 2018 EMNLP Workshop BlackboxNLP: Analyzing and Interpreting Neural Networks for NLP},
  pages={287--297},
  year={2018}
}

@article{yang2019end,
  title={End-to-end open-domain question answering with bertserini},
  author={Yang, Wei and Xie, Yuqing and Lin, Aileen and Li, Xingyu and Tan, Luchen and Xiong, Kun and Li, Ming and Lin, Jimmy},
  journal={arXiv preprint arXiv:1902.01718},
  year={2019}
}

@inproceedings{miftahutdinov2020biomedical,
  title={On Biomedical Named Entity Recognition: Experiments in Interlingual Transfer for Clinical and Social Media Texts},
  author={Miftahutdinov, Zulfat and Alimova, Ilseyar and Tutubalina, Elena},
  booktitle={European Conference on Information Retrieval},
  pages={281--288},
  year={2020},
  organization={Springer}
}

@article{pappagari2019hierarchical,
  title={Hierarchical Transformers for Long Document Classification},
  author={Pappagari, Raghavendra and {\.Z}elasko, Piotr and Villalba, Jes{\'u}s and Carmiel, Yishay and Dehak, Najim},
  journal={arXiv preprint arXiv:1910.10781},
  year={2019}
}

@inproceedings{raiber2013ranking,
  title={Ranking document clusters using markov random fields},
  author={Raiber, Fiana and Kurland, Oren},
  booktitle={Proceedings of the 36th international ACM SIGIR conference on Research and development in information retrieval},
  pages={333--342},
  year={2013}
}

@article{arnold2019sector,
  title={SECTOR: A Neural Model for Coherent Topic Segmentation and Classification},
  author={Arnold, Sebastian and Schneider, Rudolf and Cudr{\'e}-Mauroux, Philippe and Gers, Felix A and L{\"o}ser, Alexander},
  journal={Transactions of the Association for Computational Linguistics},
  volume={7},
  pages={169--184},
  year={2019},
  publisher={MIT Press}
}


@inproceedings{greene06icml,
	Author = {Derek Greene and P\'{a}draig Cunningham},
	Booktitle = {Proc. 23rd International Conference on Machine learning (ICML'06)},
	Pages = {377--384},
	Publisher = {ACM Press},
	Title = {Practical Solutions to the Problem of Diagonal Dominance in Kernel Document Clustering},
	Year = {2006}
}
	
@inproceedings{huang2008similarity,
  title={Similarity measures for text document clustering},
  author={Huang, Anna},
  booktitle={Proceedings of the sixth new zealand computer science research student conference (NZCSRSC2008), Christchurch, New Zealand},
  volume={4},
  pages={9--56},
  year={2008}
}

@article{lin2013similarity,
  title={A similarity measure for text classification and clustering},
  author={Lin, Yung-Shen and Jiang, Jung-Yi and Lee, Shie-Jue},
  journal={IEEE transactions on knowledge and data engineering},
  volume={26},
  number={7},
  pages={1575--1590},
  year={2013},
  publisher={IEEE}
}

@article{gomaa2013survey,
  title={A survey of text similarity approaches},
  author={Gomaa, Wael H and Fahmy, Aly A},
  journal={International Journal of Computer Applications},
  volume={68},
  number={13},
  pages={13--18},
  year={2013},
  publisher={Citeseer}
}

@inproceedings{metzler2007similarity,
  title={Similarity measures for short segments of text},
  author={Metzler, Donald and Dumais, Susan and Meek, Christopher},
  booktitle={European conference on information retrieval},
  pages={16--27},
  year={2007},
  organization={Springer}
}

@article{boyack2011clustering,
  title={Clustering more than two million biomedical publications: Comparing the accuracies of nine text-based similarity approaches},
  author={Boyack, Kevin W and Newman, David and Duhon, Russell J and Klavans, Richard and Patek, Michael and Biberstine, Joseph R and Schijvenaars, Bob and Skupin, Andr{\'e} and Ma, Nianli and B{\"o}rner, Katy},
  journal={PloS one},
  volume={6},
  number={3},
  pages={e18029},
  year={2011},
  publisher={Public Library of Science}
}

@inproceedings{banea2012unt,
  title={Unt: A supervised synergistic approach to semantic text similarity},
  author={Banea, Carmen and Hassan, Samer and Mohler, Michael and Mihalcea, Rada},
  booktitle={Proceedings of the First Joint Conference on Lexical and Computational Semantics-Volume 1: Proceedings of the main conference and the shared task, and Volume 2: Proceedings of the Sixth International Workshop on Semantic Evaluation},
  pages={635--642},
  year={2012},
  organization={Association for Computational Linguistics}
}

@article{blair1979information,
  title={Information Retrieval, CJ Van Rijsbergen. London: Butterworths; 1979: 208 pp. Price: \$32.50},
  author={Blair, David C},
  journal={Journal of the American Society for Information Science},
  volume={30},
  number={6},
  pages={374--375},
  year={1979},
  publisher={Wiley Online Library}
}

@inproceedings{soucy2005beyond,
  title={Beyond TFIDF weighting for text categorization in the vector space model},
  author={Soucy, Pascal and Mineau, Guy W},
  booktitle={IJCAI},
  volume={5},
  pages={1130--1135},
  year={2005}
}

@article{palangi2016deep,
  title={Deep sentence embedding using long short-term memory networks: Analysis and application to information retrieval},
  author={Palangi, Hamid and Deng, Li and Shen, Yelong and Gao, Jianfeng and He, Xiaodong and Chen, Jianshu and Song, Xinying and Ward, Rabab},
  journal={IEEE/ACM Transactions on Audio, Speech and Language Processing (TASLP)},
  volume={24},
  number={4},
  pages={694--707},
  year={2016},
  publisher={IEEE Press}
}

@inproceedings{raiber2013ranking,
  title={Ranking document clusters using markov random fields},
  author={Raiber, Fiana and Kurland, Oren},
  booktitle={Proceedings of the 36th international ACM SIGIR conference on Research and development in information retrieval},
  pages={333--342},
  year={2013},
  organization={ACM}
}

@article{mikolov2013efficient,
  title={Efficient estimation of word representations in vector space},
  author={Mikolov, Tomas and Chen, Kai and Corrado, Greg and Dean, Jeffrey},
  journal={arXiv preprint arXiv:1301.3781},
  year={2013}
}

@inproceedings{bromley1994signature,
  title={Signature verification using a" siamese" time delay neural network},
  author={Bromley, Jane and Guyon, Isabelle and LeCun, Yann and S{\"a}ckinger, Eduard and Shah, Roopak},
  booktitle={Advances in neural information processing systems},
  pages={737--744},
  year={1994}
}

@inproceedings{mueller2016siamese,
  title={Siamese recurrent architectures for learning sentence similarity},
  author={Mueller, Jonas and Thyagarajan, Aditya},
  booktitle={Thirtieth AAAI Conference on Artificial Intelligence},
  year={2016}
}

@inproceedings{neculoiu2016learning,
  title={Learning text similarity with siamese recurrent networks},
  author={Neculoiu, Paul and Versteegh, Maarten and Rotaru, Mihai},
  booktitle={Proceedings of the 1st Workshop on Representation Learning for NLP},
  pages={148--157},
  year={2016}
}

@inproceedings{koch2015siamese,
  title={Siamese neural networks for one-shot image recognition},
  author={Koch, Gregory and Zemel, Richard and Salakhutdinov, Ruslan},
  booktitle={ICML deep learning workshop},
  volume={2},
  year={2015}
}

@article{nanba2011classification,
  title={Classification of research papers using citation links and citation types: Towards automatic review article generation.},
  author={Nanba, Hidetsugu and Kando, Noriko and Okumura, Manabu},
  journal={Advances in Classification Research Online},
  volume={11},
  number={1},
  pages={117--134},
  year={2011}
}

@article{liu2016modelling,
  title={Modelling interaction of sentence pair with coupled-lstms},
  author={Liu, Pengfei and Qiu, Xipeng and Huang, Xuanjing},
  journal={arXiv preprint arXiv:1605.05573},
  year={2016}
}

@inproceedings{he2015multi,
  title={Multi-perspective sentence similarity modeling with convolutional neural networks},
  author={He, Hua and Gimpel, Kevin and Lin, Jimmy},
  booktitle={Proceedings of the 2015 Conference on Empirical Methods in Natural Language Processing},
  pages={1576--1586},
  year={2015}
}

@inproceedings{basu2004probabilistic,
  title={A probabilistic framework for semi-supervised clustering},
  author={Basu, Sugato and Bilenko, Mikhail and Mooney, Raymond J},
  booktitle={Proceedings of the tenth ACM SIGKDD international conference on Knowledge discovery and data mining},
  pages={59--68},
  year={2004},
  organization={ACM}
}

@inproceedings{basu2002semi,
  title={Semi-supervised clustering by seeding},
  author={Basu, Sugato and Banerjee, Arindam and Mooney, Raymond},
  booktitle={In Proceedings of 19th International Conference on Machine Learning (ICML-2002},
  year={2002},
  organization={Citeseer}
}

@inproceedings{burges2011learning,
  title={Learning to rank using an ensemble of lambda-gradient models},
  author={Burges, Christopher and Svore, Krysta and Bennett, Paul and Pastusiak, Andrzej and Wu, Qiang},
  booktitle={Proceedings of the learning to rank Challenge},
  pages={25--35},
  year={2011}
}

@article{kingma2014adam,
  title={Adam: A method for stochastic optimization},
  author={Kingma, Diederik P and Ba, Jimmy},
  journal={arXiv preprint arXiv:1412.6980},
  year={2014}
}

@article{kulis2009semi,
  title={Semi-supervised graph clustering: a kernel approach},
  author={Kulis, Brian and Basu, Sugato and Dhillon, Inderjit and Mooney, Raymond},
  journal={Machine learning},
  volume={74},
  number={1},
  pages={1--22},
  year={2009},
  publisher={Springer}
}

@inproceedings{bilenko2004integrating,
  title={Integrating constraints and metric learning in semi-supervised clustering},
  author={Bilenko, Mikhail and Basu, Sugato and Mooney, Raymond J},
  booktitle={Proceedings of the twenty-first international conference on Machine learning},
  pages={11},
  year={2004},
  organization={ACM}
}

@inproceedings{davidson2008finding,
  title={Finding alternative clusterings using constraints},
  author={Davidson, Ian and Qi, Zijie},
  booktitle={2008 Eighth IEEE International Conference on Data Mining},
  pages={773--778},
  year={2008},
  organization={IEEE}
}

@article{taylor2015question,
  title={Question-negotiation and information seeking in libraries},
  author={Taylor, Robert S},
  journal={College \& Research Libraries},
  volume={76},
  number={3},
  pages={251--267},
  year={2015}
}

@article{belkin1980anomalous,
  title={Anomalous states of knowledge as a basis for information retrieval},
  author={Belkin, Nicholas J},
  journal={Canadian journal of information science},
  volume={5},
  number={1},
  pages={133--143},
  year={1980}
}

@article{bengio2003neural,
  title={A neural probabilistic language model},
  author={Bengio, Yoshua and Ducharme, R{\'e}jean and Vincent, Pascal and Jauvin, Christian},
  journal={Journal of machine learning research},
  volume={3},
  number={Feb},
  pages={1137--1155},
  year={2003}
}

@article{steyvers2007probabilistic,
  title={Probabilistic topic models},
  author={Steyvers, Mark and Griffiths, Tom},
  journal={Handbook of latent semantic analysis},
  volume={427},
  number={7},
  pages={424--440},
  year={2007}
}

@article{blei2003latent,
  title={Latent dirichlet allocation},
  author={Blei, David M and Ng, Andrew Y and Jordan, Michael I},
  journal={Journal of machine Learning research},
  volume={3},
  number={Jan},
  pages={993--1022},
  year={2003}
}

@inproceedings{rehurek_lrec,
        title = {{Software Framework for Topic Modelling with Large Corpora}},
        author = {Radim {\v R}eh{\r u}{\v r}ek and Petr Sojka},
        booktitle = {{Proceedings of the LREC 2010 Workshop on New
             Challenges for NLP Frameworks}},
        pages = {45--50},
        year = 2010,
        month = May,
        day = 22,
        publisher = {ELRA},
        address = {Valletta, Malta},
        note={\url{http://is.muni.cz/publication/884893/en}},
        language={English}
}